@misc{krogsholm2021,
  title = {Easy Maps of {{Denmark}} in {{R}} {\textbar} {{LinkedIn}}},
  author = {Krogsholm, Mikkel Freltoft},
  year = {2021},
  month = mar,
  urldate = {2024-05-09},
  howpublished = {https://www.linkedin.com/pulse/easy-maps-denmark-r-mikkel-freltoft-krogsholm/},
  file = {/Users/aleksanderbang-larsen/Zotero/storage/BMXGZWRD/easy-maps-denmark-r-mikkel-freltoft-krogsholm.html}
},
@misc{apidawa2024,
  title = {{{DAWA}}: {{Danmarks Adressers Web API}} Hos {{Dataforsyningen}}},
  author = {{Styrelsen for Dataforsyning og Infrastruktur}},
  year = {2024},
  urldate = {2024-04-17},
  howpublished = {https://dawadocs.dataforsyningen.dk/dok/guides},
  file = {/Users/aleksanderbang-larsen/Zotero/storage/ZXDT3R4D/guides.html}
}
