@misc{bush2008,
  title = {President {{Bush Addresses United Nations General Assembly}}. {{Office}} of the {{Press Secretary}}. {{September}} 23},
  author = {Bush, George W.},
  year = {2008},
  month = jan,
  journal = {The United Nations, New York},
  howpublished = {www.whitehouse.gov/news/releases/2003/09/20030923-4.html}
}

@article{midtgaard2011,
  title = {{Retf{\ae}rdighedens omst{\ae}ndigheder}},
  author = {Midtgaard, S{\o}ren Flinch},
  year = {2011},
  journal = {Politica},
  volume = {43},
  number = {3},
  pages = {334--351},
  langid = {danish},
  file = {/Users/aleksanderbang-larsen/Zotero/storage/PYW3QR77/Midtgaard - Retfærdighedens omstændigheder.pdf}
}

@incollection{mouritsen2009,
  title = {Den Nationale Borger},
  booktitle = {Perspektiver P{\aa} Politik},
  author = {Mouritsen, Per},
  editor = {{Blom-Hansen}, Jens and Elklit, J{\o}rgen},
  year = {2009},
  pages = {80--86},
  publisher = {Academica},
  address = {Aarhus},
  isbn = {978-87-7675-743-4}
}

@article{petersen2007,
  title = {Hvem Fortjener Velf{\ae}rd? {{Danskernes}} Syn P{\aa} Kontanthj{\ae}lp Til Unge, {\AE}ldre Og Indvandrere},
  shorttitle = {Hvem Fortjener Velf{\ae}rd?},
  author = {Petersen, Michael Bang and Slothuus, Rune and Stubager, Rune and Togeby, Lise},
  year = {2007},
  journal = {Politica},
  volume = {39},
  number = {1},
  pages = {31--48},
  issn = {0079-3027}
}

@book{togeby2003,
  title = {{Fra fremmedarbejdere til etniske minoriteter}},
  author = {Togeby, Lise},
  year = {2003},
  publisher = {Aarhus Universitetsforlag},
  address = {{\AA}rhus},
  isbn = {978-87-7934-040-4},
  langid = {danish},
  lccn = {HN543.5 .T64 2003},
  keywords = {Cultural pluralism,Denmark,Ethnic relations,Minorities,Political activity},
  file = {/Users/aleksanderbang-larsen/Zotero/storage/KN9ADX94/Togeby - 2003 - Fra fremmedarbejdere til etniske minoriteter.pdf}
}
