@misc{krogsholm2021,
  title = {Easy Maps of {{Denmark}} in {{R}} {\textbar} {{LinkedIn}}},
  author = {Krogsholm, Mikkel Freltoft},
  year = {2021},
  month = mar,
  urldate = {2024-05-09},
  howpublished = {https://www.linkedin.com/pulse/easy-maps-denmark-r-mikkel-freltoft-krogsholm/},
  file = {/Users/aleksanderbang-larsen/Zotero/storage/BMXGZWRD/easy-maps-denmark-r-mikkel-freltoft-krogsholm.html}
},
@Manual{dawaR,
  title = {dawaR: An API Wrapper for 'DAWA' - 'The Danish Address Web API'},
  author = {Aleksander Bang-Larsen},
  year = {2024},
  note = {R package version 0.2.5, https://github.com/aleksanderbl29/dawaR},
  url = {https://dawar.aleksanderbl.dk/},
}
@Misc{apidawa,
  title = {{DAWA}: {Danmarks Adressers Web API} at {Dataforsyningen} - Through {dawaR}},
  author = {{Klimadatastyrelsen}},
  year = {2024},
  url = {https://dawadocs.dataforsyningen.dk/dok/guides},
}
